@misc{otherResearch,
	author = {Jessie Debian},
	title = {qemu-doc - QEMU Emulator User Documentation},
	howpublished = {\url{https://manpages.debian.org/jessie/qemu-system-x86/qemu-system-x86_64.1.en.html}},
	month = {May},
	year = {2016},
	note = {(Accessed on 4/15/2018)}
}
